@misc{triest,
      title={TRI\`EST: Counting Local and Global Triangles in Fully-dynamic Streams with Fixed Memory Size}, 
      author={Lorenzo De Stefani and Alessandro Epasto and Matteo Riondato and Eli Upfal},
      year={2016},
      eprint={1602.07424},
      archivePrefix={arXiv},
      primaryClass={cs.DS}
}
@misc{facebook,
    title = {Social circles: Facebook},
    howpublished = {\url{https://snap.stanford.edu/data/ego-Facebook.html}},
    note = {accessed: 2020-11-23}
}
@inproceedings{randomsamp,
author = {Gemulla, Rainer and Lehner, Wolfgang and Haas, Peter},
year = {2006},
month = {01},
pages = {595-606},
title = {A Dip in the Reservoir: Maintaining Sample Synopses of Evolving Datasets.},
journal = {VLDB 2006 - Proceedings of the 32nd International Conference on Very Large Data Bases}
}
