@misc{sms,
  title = {SMS Spam Collection},
  howpublished = {\url{https://archive.ics.uci.edu/ml/datasets/sms+spam+collection}},
  note = {accessed: 2020-11-08}
}
@misc{crc32,
  title = {CRC32},
  howpublished = {\url{https://docs.python.org/3/library/zlib.html#zlib.crc32}},
  note = {accessed: 2020-11-08}
},
