@misc{RFR,
    title = {sklearn.ensemble.randomforestregressor},
    howpublished = {\url{https://scikit-learn.org/stable/modules/generated/sklearn.ensemble.randomforestregressor.html\#sklearn.ensemble.randomforestregressor}},
    note = {accessed: 2020-10-31}
}
@misc{MLPR,
    title = {sklearn.neural\_network.MLPRegressor},
    howpublished = {\url{https://scikit-learn.org/stable/modules/generated/sklearn.neural\_network.MLPRegressor.html\#sklearn.neural\_network.MLPRegressor}},
    note = {accessed: 2020-10-31}
}
@misc{RFC,
    title = {sklearn.ensemble.randomforestclassifier},
    howpublished = {\url{https://scikit-learn.org/stable/modules/generated/sklearn.ensemble.RandomForestClassifier.html\#sklearn.ensemble.RandomForestClassifier}},
    note = {accessed: 2020-11-13}
}
@misc{Lasso,
    title = {sklearn.linear\_model.Lasso},
    howpublished = {\url{https://scikit-learn.org/stable/modules/generated/sklearn.linear\_model.Lasso.html}},
    note = {accessed: 2020-11-07}
}
@misc{sar,
    title= {\texttt{sar} command manual page},
    howpublished = {\url{https://linux.die.net/man/1/sar}},
    note = {accessed: 2020-10-31}
}
@INPROCEEDINGS{9012741,
    author={F. S. {Samani} and H. {Zhang} and R. {Stadler}},
    booktitle={2019 15th International Conference on Network and Service Management (CNSM)}, 
    title={Efficient Learning on High-dimensional Operational Data}, 
    year={2019},
    volume={},
    number={},
    pages={1-9},
    doi={10.23919/CNSM46954.2019.9012741}
}
