@misc{LR,
    title= {\texttt{sklearn.linear\_model.LinearRegression}},
    howpublished = {\url{https://scikit-learn.org/stable/modules/generated/sklearn.linear\_model.LinearRegression.html\#sklearn.linear\_model.LinearRegression}},
    note = {accessed: 2020-11-26}
}
@INPROCEEDINGS{9012741,
    author={F. S. {Samani} and H. {Zhang} and R. {Stadler}},
    booktitle={2019 15th International Conference on Network and Service Management (CNSM)}, 
    title={Efficient Learning on High-dimensional Operational Data}, 
    year={2019},
    volume={},
    number={},
    pages={1-9},
    doi={10.23919/CNSM46954.2019.9012741}
}
