@misc{LR,
    title= {\texttt{sklearn.linear\_model.LinearRegression}},
    howpublished = {\url{https://scikit-learn.org/stable/modules/generated/sklearn.linear\_model.LinearRegression.html\#sklearn.linear\_model.LinearRegression}},
    note = {accessed: 2020-11-26}
}
@misc{RNN,
    title= {Recurrent Neural Networks},
    howpublished = {\url{https://en.wikipedia.org/wiki/Recurrent\_neural\_network}},
    note = {accessed: 2020-12-03}
}
@misc{LSTM,
    title= {Long Short-Term Memory Networks},
    howpublished = {\url{https://en.wikipedia.org/wiki/Long\_short-term\_memory}},
    note = {accessed: 2020-12-03}
}
@misc{SLSTM,
    title= {Stacked Long Short-Term Memory Networks},
    howpublished = {\url{https://machinelearningmastery.com/stacked-long-short-term-memory-networks/}},
    note = {accessed: 2020-12-03}
}
@misc{ARIMA,
    title= {Autoregressive Integrated Moving Average model},
    howpublished = {\url{https://en.wikipedia.org/wiki/Autoregressive\_integrated\_moving\_average}},
    note = {accessed: 2020-12-18}
}
@misc{WOLD,
    title= {Wold's theorem},
    howpublished = {\url{https://en.wikipedia.org/wiki/Wold\%27s\_theorem}},
    note = {accessed: 2020-12-18}
}
@INPROCEEDINGS{9012741,
    author={F. S. {Samani} and H. {Zhang} and R. {Stadler}},
    booktitle={2019 15th International Conference on Network and Service Management (CNSM)}, 
    title={Efficient Learning on High-dimensional Operational Data}, 
    year={2019},
    volume={},
    number={},
    pages={1-9},
    doi={10.23919/CNSM46954.2019.9012741}
}
