@misc{RFR,
    title = {sklearn.ensemble.randomforestregressor},
    howpublished = {\url{https://scikit-learn.org/stable/modules/generated/sklearn.ensemble.randomforestregressor.html\#sklearn.ensemble.randomforestregressor}},
    note = {accessed: 2020-10-31}
}
@misc{MLPR,
    title = {sklearn.neural\_network.MLPRegressor},
    howpublished = {\url{https://scikit-learn.org/stable/modules/generated/sklearn.neural\_network.MLPRegressor.html\#sklearn.neural\_network.MLPRegressor}},
    note = {accessed: 2020-10-31}
}
@misc{sar,
    title= {\texttt{sar} command manual page},
    howpublished = {\url{https://linux.die.net/man/1/sar}},
    note = {accessed: 2020-10-31}
}
