@misc{RFC,
    title = {sklearn.ensemble.randomforestclassifier},
    howpublished = {\url{https://scikit-learn.org/stable/modules/generated/sklearn.ensemble.RandomForestClassifier.html\#sklearn.ensemble.RandomForestClassifier}},
    note = {accessed: 2020-11-13}
}
